@article{doi:10.1063/1.4921405,
author = {Kinyanjui,M. K.  and Benner,G.  and Pavia,G.  and Boucher,F.  and Habermeier,H.-U.  and Keimer,B.  and Kaiser,U. },
title = {Spatially and momentum resolved energy electron loss spectra from an ultra-thin PrNiO3 layer},
journal = {Applied Physics Letters},
volume = {106},
number = {20},
pages = {203102},
year = {2015},
doi = {10.1063/1.4921405},

URL = { 
        https://doi.org/10.1063/1.4921405
    
},
eprint = { 
        https://doi.org/10.1063/1.4921405
    
}

}

@article{doi:10.1021/acsphotonics.7b00103,
author = {Shekhar, Prashant and Malac, Marek and Gaind, Vaibhav and Dalili, Neda and Meldrum, Al and Jacob, Zubin},
title = {Momentum-Resolved Electron Energy Loss Spectroscopy for Mapping the Photonic Density of States},
journal = {ACS Photonics},
volume = {4},
number = {4},
pages = {1009-1014},
year = {2017},
doi = {10.1021/acsphotonics.7b00103},

URL = { 
        https://doi.org/10.1021/acsphotonics.7b00103
    
},
eprint = { 
        https://doi.org/10.1021/acsphotonics.7b00103
    
}

}

@article{doi:10.1021/acs.nanolett.9b03928,
author = {Gaufrès, Etienne and Fossard, Frédéric and Gosselin, Vincent and Sponza, Lorenzo and Ducastelle, François and Li, Zhenglu and Louie, Steven G. and Martel, Richard and Côté, Michel and Loiseau, Annick},
title = {Momentum-Resolved Dielectric Response of Free-Standing Mono-, Bi-, and Trilayer Black Phosphorus},
journal = {Nano Letters},
volume = {19},
number = {11},
pages = {8303-8310},
year = {2019},
doi = {10.1021/acs.nanolett.9b03928},
    note ={PMID: 31603690},

URL = { 
        https://doi.org/10.1021/acs.nanolett.9b03928
    
},
eprint = { 
        https://doi.org/10.1021/acs.nanolett.9b03928
    
}

}
